%% LaTeX2e file `Bibliotest.bib'
%% generated by the `filecontents' environment
%% from source `sample-sigconf' on 2022/06/30.
%%
@article{BasePaper,
author = {KTF},
title = {Test},
journal = {},
year = {2021}
}
