%% This BibTeX bibliography file was created using BibDesk.
%% https://bibdesk.sourceforge.io/

%% Created for Phil Sei√üelberg at 2022-06-30 22:42:03 +0200 


%% Saved with string encoding Unicode (UTF-8) 



@article{originPaper,
	author = {F{\"o}rster},
	date-added = {2022-06-21 11:16:08 +0200},
	date-modified = {2022-06-30 10:17:37 +0200},
	title = {Traffic engineering with joint link weight and segment optimization},
	year = {2021},
	bdsk-file-1 = {YnBsaXN0MDDSAQIDBFxyZWxhdGl2ZVBhdGhZYWxpYXNEYXRhXxAiLi4vLi4vRG93bmxvYWRzL3BhcGVyLWNvbmV4dDIxLnBkZk8RAWoAAAAAAWoAAgAADE1hY2ludG9zaCBIRAAAAAAAAAAAAAAAAAAAAAAAAABCRAAB/////xJwYXBlci1jb25leHQyMS5wZGYAAAAAAAAAAAAAAAAAAAAAAAAAAAAAAAAAAAAAAAAAAAAAAAAAAAAAAAAAAAD/////AAAAAAAAAAAAAAAAAAIAAgAACiBjdQAAAAAAAAAAAAAAAAAJRG93bmxvYWRzAAACADQvOlVzZXJzOnBoaWxzZWlzc2VsYmVyZzpEb3dubG9hZHM6cGFwZXItY29uZXh0MjEucGRmAA4AJgASAHAAYQBwAGUAcgAtAGMAbwBuAGUAeAB0ADIAMQAuAHAAZABmAA8AGgAMAE0AYQBjAGkAbgB0AG8AcwBoACAASABEABIAMlVzZXJzL3BoaWxzZWlzc2VsYmVyZy9Eb3dubG9hZHMvcGFwZXItY29uZXh0MjEucGRmABMAAS8AABUAAgAW//8AAAAIAA0AGgAkAEkAAAAAAAACAQAAAAAAAAAFAAAAAAAAAAAAAAAAAAABtw==}}
